<record><leader>00000cas a2200000 a 4500</leader><controlfield tag="001">42336260</controlfield><controlfield tag="007">hd afb---bacp</controlfield><controlfield tag="007">hd afb---baap</controlfield><controlfield tag="007">hd afb---babp</controlfield><controlfield tag="008">820315d19211922wauwr nea     0   a0eng c</controlfield><datafield ind1=" " ind2=" " tag="010"><subfield code="a">  2014252002</subfield></datafield><datafield ind1=" " ind2=" " tag="040"><subfield code="a">Wa</subfield><subfield code="b">eng</subfield><subfield code="c">WRJ</subfield><subfield code="d">OCL</subfield><subfield code="d">OCLCQ</subfield><subfield code="d">WAU</subfield><subfield code="d">OCLCF</subfield><subfield code="d">OCLCQ</subfield></datafield><datafield ind1=" " ind2=" " tag="042"><subfield code="a">pcc</subfield></datafield><datafield ind1=" " ind2=" " tag="043"><subfield code="a">n-us-wa</subfield></datafield><datafield ind1="0" ind2=" " tag="082"><subfield code="a">071.9795</subfield><subfield code="2">19</subfield></datafield><datafield ind1="0" ind2=" " tag="130"><subfield code="a">American (Hoquiam, Wash.)</subfield></datafield><datafield ind1="1" ind2="4" tag="245"><subfield code="a">The American.</subfield></datafield><datafield ind1=" " ind2=" " tag="260"><subfield code="a">Hoquiam, Wash. :</subfield><subfield code="b">[American Pub. Co.],</subfield><subfield code="c">1921-1922.</subfield></datafield><datafield ind1=" " ind2=" " tag="300"><subfield code="a">2 volumes :</subfield><subfield code="b">illustrations</subfield></datafield><datafield ind1=" " ind2=" " tag="310"><subfield code="a">Weekly</subfield></datafield><datafield ind1=" " ind2=" " tag="336"><subfield code="a">text</subfield><subfield code="b">txt</subfield><subfield code="2">rdacontent</subfield></datafield><datafield ind1=" " ind2=" " tag="337"><subfield code="a">microform</subfield><subfield code="b">h</subfield><subfield code="2">rdamedia</subfield></datafield><datafield ind1=" " ind2=" " tag="338"><subfield code="a">microfilm reel</subfield><subfield code="b">hd</subfield><subfield code="2">rdacarrier</subfield></datafield><datafield ind1="1" ind2=" " tag="362"><subfield code="a">Began with: Vol. 1, no. 1 (Oct. 21, 1921); ceased with: v. 2, no. 10 (Dec. 21, 1922).</subfield></datafield><datafield ind1=" " ind2=" " tag="588"><subfield code="a">Description based on: Vol. 1, no. 1 (Oct. 21, 1921); title from masthead.</subfield></datafield><datafield ind1=" " ind2=" " tag="588"><subfield code="a">Latest issue consulted: Vol. 2, no. 10 (Dec. 21, 1922).</subfield></datafield><datafield ind1=" " ind2=" " tag="533"><subfield code="a">Microfilm.</subfield><subfield code="b">[Seattle, Wash.] :</subfield><subfield code="c">University of Washington Library,</subfield><subfield code="d">[19--].</subfield><subfield code="e">1 microfilm reel ; 35 mm.</subfield></datafield><datafield ind1=" " ind2="0" tag="651"><subfield code="a">Hoquiam (Wash.)</subfield><subfield code="v">Newspapers.</subfield></datafield><datafield ind1=" " ind2="7" tag="651"><subfield code="a">Washington (State)</subfield><subfield code="z">Hoquiam.</subfield><subfield code="2">fast</subfield><subfield code="0">(OCoLC)fst01218048</subfield></datafield><datafield ind1=" " ind2="7" tag="655"><subfield code="a">Newspapers.</subfield><subfield code="2">fast</subfield><subfield code="0">(OCoLC)fst01423814</subfield></datafield><datafield ind1=" " ind2=" " tag="752"><subfield code="a">United States</subfield><subfield code="b">Washington</subfield><subfield code="c">Grays Harbor</subfield><subfield code="d">Hoquiam.</subfield></datafield><datafield ind1="1" ind2=" " tag="776"><subfield code="t">American (Hoquiam, Wash.)</subfield><subfield code="w">(DLC)sn 87093206</subfield><subfield code="w">(OCoLC)17196459</subfield></datafield><datafield ind1="0" ind2="0" tag="785"><subfield code="t">Hoquiam American</subfield><subfield code="w">(DLC)  2014252003</subfield><subfield code="w">(OCoLC)42336553</subfield></datafield></record>